\begin{document}

@article{anderson2003gravity,
  title={Gravity with gravitas: A solution to the border puzzle},
  author={Anderson, James E and Van Wincoop, Eric},
  journal={American economic review},
  volume={93},
  number={1},
  pages={170--192},
  year={2003}
}

@article{silva2006log,
  title={The log of gravity},
  author={Silva, JMC Santos and Tenreyro, Silvana},
  journal={The Review of Economics and statistics},
  volume={88},
  number={4},
  pages={641--658},
  year={2006},
  publisher={The MIT Press}
}

@book{yotov2016advanced,
  title={An Advanced Guide to Trade Policy Analysis: The Structural Gravity Model},
  author={Yotov, Yoto V and Piermartini, Roberta and Larch, Mario and others},
  year={2016},
  publisher={WTO iLibrary}
}

@article{egger2008interdependent,
  title={Interdependent preferential trade agreement memberships: An empirical analysis},
  author={Egger, Peter and Larch, Mario},
  journal={Journal of International Economics},
  volume={76},
  number={2},
  pages={384--399},
  year={2008},
  publisher={Elsevier}
}

@article{felbermayr2018schengen,
author = {Felbermayr, Gabriel and Gröschl, Jasmin and Steinwachs, Thomas},
title = {The Trade Effects of Border Controls: Evidence from the European Schengen Agreement},
journal = {JCMS: Journal of Common Market Studies},
volume = {56},
number = {2},
pages = {335-351},
keywords = {trade integration, European integration, Schengen agreement, gravity},
doi = {https://doi.org/10.1111/jcms.12603},
url = {https://onlinelibrary.wiley.com/doi/abs/10.1111/jcms.12603},
eprint = {https://onlinelibrary.wiley.com/doi/pdf/10.1111/jcms.12603},
year = {2018}
}

@article{felbermayr2022complex,
  title={Complex Europe: Quantifying the cost of disintegration},
  author={Felbermayr, Gabriel and Gr{\"o}schl, Jasmin and Heiland, Inga},
  journal={Journal of International Economics},
  volume={138},
  pages={103647},
  year={2022},
  publisher={Elsevier}
}

@article{mayer2019cost,
  title={The cost of non-Europe, revisited},
  author={Mayer, Thierry and Vicard, Vincent and Zignago, Soledad},
  journal={Economic Policy},
  volume={34},
  number={98},
  pages={145--199},
  year={2019},
  publisher={Oxford University Press}
}


@article{baier2007free,
  title={Do free trade agreements actually increase members' international trade?},
  author={Baier, Scott L and Bergstrand, Jeffrey H},
  journal={Journal of international Economics},
  volume={71},
  number={1},
  pages={72--95},
  year={2007},
  publisher={Elsevier}
}



@article{timmer2015illustrated,
  title={An illustrated user guide to the world input--output database: the case of global automotive production},
  author={Timmer, Marcel P and Dietzenbacher, Erik and Los, Bart and Stehrer, Robert and De Vries, Gaaitzen J},
  journal={Review of International Economics},
  volume={23},
  number={3},
  pages={575--605},
  year={2015},
  publisher={Wiley Online Library}
}

@article{conte2022cepii,
  title={The CEPII Gravity Database Highlights},
  author={Conte, Maddalena and Cotterlaz, Pierre and Mayer, Thierry},
  year={2022},
  publisher={CEPII: Centre des Etudes Prospectives et des Informations Internationales}
}

@article{vrh2018drives,
  title={What drives the differences in domestic value added in exports between old and new EU member states?},
  author={Vrh, Nata{\v{s}}a},
  journal={Economic research-Ekonomska istra{\v{z}}ivanja},
  volume={31},
  number={1},
  pages={645--663},
  year={2018},
  publisher={Taylor and Francis Group i Sveu{\v{c}}ili{\v{s}}te Jurja Dobrile u Puli, Fakultet~…}
}

@article{badinger2007has,
  title={Has the EU's single market programme fostered competition? Testing for a Decrease in Mark-up Ratios in EU Industries},
  author={Badinger, Harald},
  journal={oxford Bulletin of Economics and statistics},
  volume={69},
  number={4},
  pages={497--519},
  year={2007},
  publisher={Wiley Online Library}
}

@article{antras2021global,
  title={Global value chains},
  author={Antras, Pol and Chor, Davin},
  year={2021},
  publisher={National Bureau of Economic Research}
}

@article{trefler2004long,
  title={The long and short of the Canada-US free trade agreement},
  author={Trefler, Daniel},
  journal={American Economic Review},
  volume={94},
  number={4},
  pages={870--895},
  year={2004}
}

@article{egger2020gravity,
  title={Gravity-model estimation with time-interval data: Revisiting the impact of free trade agreements (CESifo Working Paper No 8553)},
  author={Egger, P and Larch, M and Yotov, Y},
  year={2020}
}

@article{heid2021estimating,
  title={Estimating the effects of non-discriminatory trade policies within structural gravity models},
  author={Heid, Benedikt and Larch, Mario and Yotov, Yoto V},
  journal={Canadian Journal of Economics/Revue canadienne d'{\'e}conomique},
  volume={54},
  number={1},
  pages={376--409},
  year={2021},
  publisher={Wiley Online Library}
}


@article{koopman2014tracing,
  title={Tracing value-added and double counting in gross exports},
  author={Koopman, Robert and Wang, Zhi and Wei, Shang-Jin},
  journal={American Economic Review},
  volume={104},
  number={2},
  pages={459--94},
  year={2014}
}


@article{belotti2020icio,
  title={icio: Economic analysis with intercountry input--output tables},
  author={Belotti, Federico and Borin, Alessandro and Mancini, Michele},
  journal={The Stata Journal},
  volume={21},
  number={3},
  pages={708--755},
  year={2021},
  publisher={SAGE Publications Sage CA: Los Angeles, CA}
}

@article{borin2019measuring,
  title={Measuring what matters in global value chains and value-added trade},
  author={Borin, Alessandro and Mancini, Michele},
  journal={World Bank policy research working paper},
  number={8804},
  year={2019}
}

@article{borchert2017distance,
  title={Distance, globalization, and international trade},
  author={Borchert, Ingo and Yotov, Yoto V},
  journal={Economics letters},
  volume={153},
  pages={32--38},
  year={2017},
  publisher={Elsevier}
}


@article{egger2015structural,
  title={Structural gravity with dummies only: Constrained ANOVA-type estimation of gravity models},
  author={Egger, Peter H and Nigai, Sergey},
  journal={Journal of International Economics},
  volume={97},
  number={1},
  pages={86--99},
  year={2015},
  publisher={Elsevier}
}

@techreport{agnosteva2014intra,
  title={Intra-national trade costs: Measurement and aggregation},
  author={Agnosteva, Delina E and Anderson, James E and Yotov, Yoto V},
  year={2014},
  institution={National Bureau of Economic Research}
}

@article{baier2019putting,
  title={Putting Canada in the penalty box: Trade and welfare effects of eliminating North American Free Trade Agreement},
  author={Baier, Scott L and Bergstrand, Jeffrey H and Bruno, John P},
  journal={The World Economy},
  volume={42},
  number={12},
  pages={3488--3514},
  year={2019},
  publisher={Wiley Online Library}
}

@article{felbermayr2022quantifying,
  title={Quantifying Brexit: From ex post to ex ante using structural gravity},
  author={Felbermayr, Gabriel and Gr{\"o}schl, Jasmin and Steininger, Marina},
  journal={Review of World Economics},
  volume={158},
  number={2},
  pages={401--465},
  year={2022},
  publisher={Springer}
}

@article{liu2010testing,
  title={Testing Conflicting Political Economy Theories: Full-Fledged versus Partial-Scope Regional Trade Agreements},
  author={Liu, Xuepeng},
  journal={Southern Economic Journal},
  volume={77},
  number={1},
  pages={78--103},
  year={2010},
  publisher={Wiley Online Library}
}

@article{bourdet2012completing,
  title={Completing the European Union Customs Union: The effects of trade procedure harmonization},
  author={Bourdet, Yves and Persson, Maria},
  journal={JCMS: Journal of Common Market Studies},
  volume={50},
  number={2},
  pages={300--314},
  year={2012},
  publisher={Wiley Online Library}
}

@book{aslam2017calculating,
  title={Calculating trade in value added},
  author={Aslam, Aqib and Novta, Natalija and Rodrigues-Bastos, Fabiano},
  year={2017},
  publisher={International Monetary Fund}
}


\end{document}



















































